[gd_scene load_steps=7 format=2]

[ext_resource path="res://fonts/terminal.ttf" type="DynamicFontData" id=1]
[ext_resource path="res://scripts/terminal.gd" type="Script" id=2]
[ext_resource path="res://fonts/usuzi.ttf" type="DynamicFontData" id=3]

[sub_resource type="DynamicFont" id=1]
size = 20
outline_color = Color( 0.227451, 0.960784, 0.164706, 1 )
font_data = ExtResource( 1 )

[sub_resource type="DynamicFont" id=2]
size = 17
font_data = ExtResource( 1 )

[sub_resource type="DynamicFont" id=3]
size = 24
outline_size = 2
outline_color = Color( 0, 0, 0, 1 )
font_data = ExtResource( 3 )

[node name="terminal" type="Node2D"]
position = Vector2( 434.393, 62.8579 )
script = ExtResource( 2 )

[node name="canvas" type="CanvasLayer" parent="."]
layer = 0

[node name="Panel" type="Panel" parent="canvas"]
margin_left = 518.298
margin_top = 49.7489
margin_right = 1050.3
margin_bottom = 507.749
rect_pivot_offset = Vector2( -793.865, -185.316 )
__meta__ = {
"_edit_use_anchors_": false
}

[node name="Label" type="Label" parent="canvas/Panel"]
margin_left = 30.0
margin_top = 28.1225
margin_right = 495.0
margin_bottom = 232.122
custom_fonts/font = SubResource( 1 )
custom_colors/font_color = Color( 0.121569, 0.952941, 0.309804, 1 )
text = "> Daily psychometric report

> Facial expression
>      1) Sadness
>      2) Less sadness
>      3) Less less sadness
>      4) Less less less sadness
>      5) Less less less less sadness
>      6) Haapiness"
__meta__ = {
"_edit_use_anchors_": false
}

[node name="LineEdit" type="LineEdit" parent="canvas/Panel/Label"]
margin_left = -0.494934
margin_top = 218.993
margin_right = 271.505
margin_bottom = 271.993
custom_fonts/font = SubResource( 2 )
custom_colors/font_color = Color( 0.121569, 0.952941, 0.309804, 1 )
max_length = 1
__meta__ = {
"_edit_use_anchors_": false
}

[node name="label" type="Label" parent="."]
margin_left = -456.374
margin_top = 5.52875
margin_right = 117.626
margin_bottom = 323.529
custom_fonts/font = SubResource( 3 )
custom_colors/font_color = Color( 1, 1, 1, 1 )
custom_colors/font_outline_modulate = Color( 0, 0, 0, 1 )
text = "Day time finished time 
to do a captains 
MADRS analysis"
align = 1
valign = 1
__meta__ = {
"_edit_use_anchors_": false
}
